@String(PAMI = {IEEE Trans. Pattern Anal. Mach. Intell.})
@String(IJCV = {Int. J. Comput. Vis.})
@String(CVPR= {IEEE Conf. Comput. Vis. Pattern Recog.})
@String(ICCV= {Int. Conf. Comput. Vis.})
@String(ECCV= {Eur. Conf. Comput. Vis.})
@String(NIPS= {Adv. Neural Inform. Process. Syst.})
@String(ICPR = {Int. Conf. Pattern Recog.})
@String(BMVC= {Brit. Mach. Vis. Conf.})
@String(TOG= {ACM Trans. Graph.})
@String(TIP  = {IEEE Trans. Image Process.})
@String(TVCG  = {IEEE Trans. Vis. Comput. Graph.})
@String(TMM  = {IEEE Trans. Multimedia})
@String(ACMMM= {ACM Int. Conf. Multimedia})
@String(ICME = {Int. Conf. Multimedia and Expo})
@String(ICASSP=	{ICASSP})
@String(ICIP = {IEEE Int. Conf. Image Process.})
@String(ACCV  = {ACCV})
@String(ICLR = {Int. Conf. Learn. Represent.})
@String(IJCAI = {IJCAI})
@String(PR   = {Pattern Recognition})
@String(AAAI = {AAAI})
@String(CVPRW= {IEEE Conf. Comput. Vis. Pattern Recog. Worksh.})
@String(CSVT = {IEEE Trans. Circuit Syst. Video Technol.})

@String(SPL	= {IEEE Sign. Process. Letters})
@String(VR   = {Vis. Res.})
@String(JOV	 = {J. Vis.})
@String(TVC  = {The Vis. Comput.})
@String(JCST  = {J. Comput. Sci. Tech.})
@String(CGF  = {Comput. Graph. Forum})
@String(CVM = {Computational Visual Media})


@String(PAMI  = {IEEE TPAMI})
@String(IJCV  = {IJCV})
@String(CVPR  = {CVPR})
@String(ICCV  = {ICCV})
@String(ECCV  = {ECCV})
@String(NIPS  = {NeurIPS})
@String(ICPR  = {ICPR})
@String(BMVC  =	{BMVC})
@String(TOG   = {ACM TOG})
@String(TIP   = {IEEE TIP})
@String(TVCG  = {IEEE TVCG})
@String(TCSVT = {IEEE TCSVT})
@String(TMM   =	{IEEE TMM})
@String(ACMMM = {ACM MM})
@String(ICME  =	{ICME})
@String(ICASSP=	{ICASSP})
@String(ICIP  = {ICIP})
@String(ACCV  = {ACCV})
@String(ICLR  = {ICLR})
@String(IJCAI = {IJCAI})
@String(PR = {PR})
@String(AAAI = {AAAI})
@String(CVPRW= {CVPRW})
@String(CSVT = {IEEE TCSVT})

@article{bishop1994mixture,
  title={Mixture density networks},
  author={Bishop, Christopher M},
  year={1994},
  publisher={Aston University}
}

@article{hochreiter1997long,
  title={Long short-term memory},
  author={Hochreiter, Sepp and Schmidhuber, J{\"u}rgen},
  journal={Neural computation},
  volume={9},
  number={8},
  pages={1735--1780},
  year={1997},
  publisher={MIT Press}
}

@inproceedings{glorot2010understanding,
  title={Understanding the difficulty of training deep feedforward neural networks},
  author={Glorot, Xavier and Bengio, Yoshua},
  booktitle={Proceedings of the Thirteenth International Conference on Artificial Intelligence and Statistics (AISTATS)},
  year={2010}
}

@article{scikit-learn,
 title={Scikit-learn: Machine Learning in {P}ython},
 author={Pedregosa, F. and Varoquaux, G. and Gramfort, A. and Michel, V.
         and Thirion, B. and Grisel, O. and Blondel, M. and Prettenhofer, P.
         and Weiss, R. and Dubourg, V. and Vanderplas, J. and Passos, A. and
         Cournapeau, D. and Brucher, M. and Perrot, M. and Duchesnay, E.},
 journal={Journal of Machine Learning Research (JMLR)},
 year={2011}
}

@inproceedings{cho2014learning,
  title={Learning Phrase Representations using RNN Encoder-Decoder for Statistical Machine Translation},
  author={Cho, Kyunghyun and van Merrienboer, Bart and G{\"u}l{\c{c}}ehre, {\c{C}}aglar and Bahdanau, Dzmitry and Bougares, Fethi and Schwenk, Holger and Bengio, Yoshua},
  booktitle={Proceedings of the 2014 Conference on Empirical Methods in Natural Language Processing (EMNLP)},
  year={2014}
}

@inproceedings{bruna2013spectral,
  title={Spectral networks and locally connected networks on graphs},
  author={Bruna, Joan and Zaremba, Wojciech and Szlam, Arthur and LeCun, Yann},
  booktitle={Proceedings of the International Conference on Learning Representations (ICLR)},
  year={2014}
}

@inproceedings{he2016deep,
  title={Deep residual learning for image recognition},
  author={He, Kaiming and Zhang, Xiangyu and Ren, Shaoqing and Sun, Jian},
  booktitle={Proceedings of the IEEE Conference on Computer Vision and Pattern Recognition (CVPR)},
  year={2016}
}

@article{ba2016layer,
  title={Layer normalization},
  author={Ba, Jimmy Lei and Kiros, Jamie Ryan and Hinton, Geoffrey E},
  journal={arXiv preprint arXiv:1607.06450},
  year={2016}
}

@inproceedings{alahi2016social,
  title={Social lstm: Human trajectory prediction in crowded spaces},
  author={Alahi, Alexandre and Goel, Kratarth and Ramanathan, Vignesh and Robicquet, Alexandre and Fei-Fei, Li and Savarese, Silvio},
  booktitle={Proceedings of the IEEE Conference on Computer Vision and Pattern Recognition (CVPR)},
  year={2016}
}

@inproceedings{lee2016stochastic,
  title={Stochastic multiple choice learning for training diverse deep ensembles},
  author={Lee, Stefan and Purushwalkam Shiva Prakash, Senthil and Cogswell, Michael and Ranjan, Viresh and Crandall, David and Batra, Dhruv},
  booktitle={Advances in Neural Information Processing Systems (NIPS)},
  year={2016}
}

@inproceedings{vaswani2017attention,
  title={Attention is all you need},
  author={Vaswani, Ashish and Shazeer, Noam and Parmar, Niki and Uszkoreit, Jakob and Jones, Llion and Gomez, Aidan N and Kaiser, {\L}ukasz and Polosukhin, Illia},
  booktitle={Advances in Neural Information Processing Systems (NIPS)},
  year={2017}
}

@inproceedings{lee2017desire,
  title={Desire: Distant future prediction in dynamic scenes with interacting agents},
  author={Lee, Namhoon and Choi, Wongun and Vernaza, Paul and Choy, Christopher B and Torr, Philip HS and Chandraker, Manmohan},
  booktitle={Proceedings of the IEEE Conference on Computer Vision and Pattern Recognition (CVPR)},
  year={2017}
}

@inproceedings{rupprecht2017learning,
  title={Learning in an uncertain world: Representing ambiguity through multiple hypotheses},
  author={Rupprecht, Christian and Laina, Iro and DiPietro, Robert and Baust, Maximilian and Tombari, Federico and Navab, Nassir and Hager, Gregory D},
  booktitle={Proceedings of the IEEE International Conference on Computer Vision (ICCV)},
  year={2017}
}

@inproceedings{gilmer2017neural,
  title={Neural message passing for quantum chemistry},
  author={Gilmer, Justin and Schoenholz, Samuel S and Riley, Patrick F and Vinyals, Oriol and Dahl, George E},
  booktitle={Proceedings of the International Conference on Machine Learning (ICML)},
  year={2017}
}

@inproceedings{qi2017pointnet,
  title={Pointnet: Deep learning on point sets for 3d classification and segmentation},
  author={Qi, Charles R and Su, Hao and Mo, Kaichun and Guibas, Leonidas J},
  booktitle={Proceedings of the IEEE Conference on Computer Vision and Pattern Recognition (CVPR)},
  year={2017}
}

@inproceedings{qi2017pointnet++,
  title={PointNet++: Deep Hierarchical Feature Learning on Point Sets in a Metric Space},
  author={Qi, Charles Ruizhongtai and Yi, Li and Su, Hao and Guibas, Leonidas J},
  booktitle={Advances in Neural Information Processing Systems (NIPS)},
  year={2017}
}

@inproceedings{kipf2016semi,
  title={Semi-Supervised Classification with Graph Convolutional Networks},
  author={Kipf, Thomas N. and Welling, Max},
  booktitle={Proceedings of the International Conference on Learning Representations (ICLR)},
  year={2017}
}

@inproceedings{loshchilov2016sgdr,
  title={Sgdr: Stochastic gradient descent with warm restarts},
  author={Loshchilov, Ilya and Hutter, Frank},
  booktitle={Proceedings of the International Conference on Learning Representations (ICLR)},
  year={2017}
}

@article{devlin2018bert,
  title={Bert: Pre-training of deep bidirectional transformers for language understanding},
  author={Devlin, Jacob and Chang, Ming-Wei and Lee, Kenton and Toutanova, Kristina},
  journal={arXiv preprint arXiv:1810.04805},
  year={2018}
}

@inproceedings{deo2018convolutional,
  title={Convolutional social pooling for vehicle trajectory prediction},
  author={Deo, Nachiket and Trivedi, Mohan M},
  booktitle={Proceedings of the IEEE Conference on Computer Vision and Pattern Recognition Workshops (CVPRW)},
  year={2018}
}

@inproceedings{velivckovic2017graph,
  title={Graph Attention Networks},
  author={Veli{\v{c}}kovi{\'c}, Petar and Cucurull, Guillem and Casanova, Arantxa and Romero, Adriana and Li{\`o}, Pietro and Bengio, Yoshua},
  booktitle={Proceedings of the International Conference on Learning Representations (ICLR)},
  year={2018}
}

@inproceedings{casas2018intentnet,
  title={Intentnet: Learning to predict intention from raw sensor data},
  author={Casas, Sergio and Luo, Wenjie and Urtasun, Raquel},
  booktitle={Proceedings of the Conference on Robot Learning (CoRL)},
  year={2018}
}

@inproceedings{kipf2018neural,
  title={Neural relational inference for interacting systems},
  author={Kipf, Thomas and Fetaya, Ethan and Wang, Kuan-Chieh and Welling, Max and Zemel, Richard},
  booktitle={Proceedings of the International Conference on Machine Learning (ICML)},
  year={2018}
}

@inproceedings{rhinehart2018r2p2,
  title={R2p2: A reparameterized pushforward policy for diverse, precise generative path forecasting},
  author={Rhinehart, Nicholas and Kitani, Kris M and Vernaza, Paul},
  booktitle={Proceedings of the European Conference on Computer Vision (ECCV)},
  year={2018}
}

@inproceedings{gupta2018social,
  title={Social gan: Socially acceptable trajectories with generative adversarial networks},
  author={Gupta, Agrim and Johnson, Justin and Fei-Fei, Li and Savarese, Silvio and Alahi, Alexandre},
  booktitle={Proceedings of the IEEE Conference on Computer Vision and Pattern Recognition (CVPR)},
  year={2018}
}

@inproceedings{thiede2019analyzing,
  title={Analyzing the variety loss in the context of probabilistic trajectory prediction},
  author={Thiede, Luca Anthony and Brahma, Pratik Prabhanjan},
  booktitle={Proceedings of the IEEE/CVF International Conference on Computer Vision (ICCV)},
  year={2019}
}

@inproceedings{chang2019argoverse,
  title={Argoverse: 3d tracking and forecasting with rich maps},
  author={Chang, Ming-Fang and Lambert, John and Sangkloy, Patsorn and Singh, Jagjeet and Bak, Slawomir and Hartnett, Andrew and Wang, De and Carr, Peter and Lucey, Simon and Ramanan, Deva and others},
  booktitle={Proceedings of the IEEE/CVF Conference on Computer Vision and Pattern Recognition (CVPR)},
  year={2019}
}

@inproceedings{bansal2018chauffeurnet,
  title={Chauffeurnet: Learning to drive by imitating the best and synthesizing the worst},
  author={Bansal, Mayank and Krizhevsky, Alex and Ogale, Abhijit},
  booktitle={Robotics: Science and Systems (RSS)},
  year={2019}
}

@inproceedings{loshchilov2017decoupled,
title={Decoupled Weight Decay Regularization},
author={Ilya Loshchilov and Frank Hutter},
booktitle={Proceedings of the International Conference on Learning Representations (ICLR)},
year={2019},
}

@article{wang2019dynamic,
  title={Dynamic graph cnn for learning on point clouds},
  author={Wang, Yue and Sun, Yongbin and Liu, Ziwei and Sarma, Sanjay E and Bronstein, Michael M and Solomon, Justin M},
  journal={ACM Transactions on Graphics (TOG)},
  year={2019}
}

@inproceedings{cui2019multimodal,
  title={Multimodal trajectory predictions for autonomous driving using deep convolutional networks},
  author={Cui, Henggang and Radosavljevic, Vladan and Chou, Fang-Chieh and Lin, Tsung-Han and Nguyen, Thi and Huang, Tzu-Kuo and Schneider, Jeff and Djuric, Nemanja},
  booktitle={Proceedings of the IEEE International Conference on Robotics and Automation (ICRA)},
  year={2019}
}

@inproceedings{chai2019multipath,
  title={Multipath: Multiple probabilistic anchor trajectory hypotheses for behavior prediction},
  author={Chai, Yuning and Sapp, Benjamin and Bansal, Mayank and Anguelov, Dragomir},
  booktitle={Proceedings of the Conference on Robot Learning (CoRL)},
  year={2019}
}

@inproceedings{tang2019multiple,
  title={Multiple Futures Prediction},
  author={Tang, Yichuan Charlie and Salakhutdinov, Ruslan},
  booktitle={Advances in Neural Information Processing Systems (NeurIPS)},
  year={2019}
}

@inproceedings{makansi2019overcoming,
  title={Overcoming limitations of mixture density networks: A sampling and fitting framework for multimodal future prediction},
  author={Makansi, Osama and Ilg, Eddy and Cicek, Ozgun and Brox, Thomas},
  booktitle={Proceedings of the IEEE/CVF Conference on Computer Vision and Pattern Recognition (CVPR)},
  year={2019}
}

@inproceedings{rhinehart2019precog,
  title={Precog: Prediction conditioned on goals in visual multi-agent settings},
  author={Rhinehart, Nicholas and McAllister, Rowan and Kitani, Kris and Levine, Sergey},
  booktitle={Proceedings of the IEEE/CVF International Conference on Computer Vision (ICCV)},
  year={2019}
}

@inproceedings{hong2019rules,
  title={Rules of the road: Predicting driving behavior with a convolutional model of semantic interactions},
  author={Hong, Joey and Sapp, Benjamin and Philbin, James},
  booktitle={Proceedings of the IEEE/CVF Conference on Computer Vision and Pattern Recognition (CVPR)},
  year={2019}
}

@inproceedings{huang2019stgat,
  title={Stgat: Modeling spatial-temporal interactions for human trajectory prediction},
  author={Huang, Yingfan and Bi, HuiKun and Li, Zhaoxin and Mao, Tianlu and Wang, Zhaoqi},
  booktitle={Proceedings of the IEEE/CVF International Conference on Computer Vision (ICCV)},
  year={2019}
}

@inproceedings{phan2020covernet,
  title={Covernet: Multimodal behavior prediction using trajectory sets},
  author={Phan-Minh, Tung and Grigore, Elena Corina and Boulton, Freddy A and Beijbom, Oscar and Wolff, Eric M},
  booktitle={Proceedings of the IEEE/CVF Conference on Computer Vision and Pattern Recognition (CVPR)},
  year={2020}
}

@inproceedings{li2020end,
  title={End-to-end contextual perception and prediction with interaction transformer},
  author={Li, Lingyun Luke and Yang, Bin and Liang, Ming and Zeng, Wenyuan and Ren, Mengye and Segal, Sean and Urtasun, Raquel},
  booktitle={Proceedings of the IEEE/RSJ International Conference on Intelligent Robots and Systems (IROS)},
  year={2020}
}

@inproceedings{carion2020end,
  title={End-to-end object detection with transformers},
  author={Carion, Nicolas and Massa, Francisco and Synnaeve, Gabriel and Usunier, Nicolas and Kirillov, Alexander and Zagoruyko, Sergey},
  booktitle={Proceedings of the European Conference on Computer Vision (ECCV)},
  year={2020}
}

@inproceedings{tancik2020fourier,
  title={Fourier features let networks learn high frequency functions in low dimensional domains},
  author={Tancik, Matthew and Srinivasan, Pratul and Mildenhall, Ben and Fridovich-Keil, Sara and Raghavan, Nithin and Singhal, Utkarsh and Ramamoorthi, Ravi and Barron, Jonathan and Ng, Ren},
  booktitle={Advances in Neural Information Processing Systems (NeurIPS)},
  year={2020}
}

@inproceedings{casas2020implicit,
  title={Implicit latent variable model for scene-consistent motion forecasting},
  author={Casas, Sergio and Gulino, Cole and Suo, Simon and Luo, Katie and Liao, Renjie and Urtasun, Raquel},
  booktitle={Proceedings of the European Conference on Computer Vision (ECCV)},
  year={2020}
}

@inproceedings{mangalam2020not,
  title={It is not the journey but the destination: Endpoint conditioned trajectory prediction},
  author={Mangalam, Karttikeya and Girase, Harshayu and Agarwal, Shreyas and Lee, Kuan-Hui and Adeli, Ehsan and Malik, Jitendra and Gaidon, Adrien},
  booktitle={Proceedings of the European Conference on Computer Vision (ECCV)},
  year={2020}
}

@inproceedings{NEURIPS2020_1457c0d6,
 author = {Brown, Tom and Mann, Benjamin and Ryder, Nick and Subbiah, Melanie and Kaplan, Jared D and Dhariwal, Prafulla and Neelakantan, Arvind and Shyam, Pranav and Sastry, Girish and Askell, Amanda and Agarwal, Sandhini and Herbert-Voss, Ariel and Krueger, Gretchen and Henighan, Tom and Child, Rewon and Ramesh, Aditya and Ziegler, Daniel and Wu, Jeffrey and Winter, Clemens and Hesse, Chris and Chen, Mark and Sigler, Eric and Litwin, Mateusz and Gray, Scott and Chess, Benjamin and Clark, Jack and Berner, Christopher and McCandlish, Sam and Radford, Alec and Sutskever, Ilya and Amodei, Dario},
 booktitle = {Advances in Neural Information Processing Systems (NeurIPS)},
 title = {Language Models are Few-Shot Learners},
 year = {2020}
}

@inproceedings{mercat2020multi,
  title={Multi-head attention for multi-modal joint vehicle motion forecasting},
  author={Mercat, Jean and Gilles, Thomas and El Zoghby, Nicole and Sandou, Guillaume and Beauvois, Dominique and Gil, Guillermo Pita},
  booktitle={Proceedings of the IEEE International Conference on Robotics and Automation (ICRA)},
  year={2020}
}

@inproceedings{liang2020learning,
  title={Learning lane graph representations for motion forecasting},
  author={Liang, Ming and Yang, Bin and Hu, Rui and Chen, Yun and Liao, Renjie and Feng, Song and Urtasun, Raquel},
  booktitle={Proceedings of the European Conference on Computer Vision (ECCV)},
  year={2020}
}

@inproceedings{mildenhall2020nerf,
  title={NeRF: Representing Scenes as Neural Radiance Fields for View Synthesis},
  author={Mildenhall, Ben and Srinivasan, Pratul P and Tancik, Matthew and Barron, Jonathan T and Ramamoorthi, Ravi and Ng, Ren},
  booktitle={Proceedings of the European Conference on Computer Vision (ECCV)},
  year={2020}
}

@inproceedings{caesar2020nuscenes,
  title={nuscenes: A multimodal dataset for autonomous driving},
  author={Caesar, Holger and Bankiti, Varun and Lang, Alex H and Vora, Sourabh and Liong, Venice Erin and Xu, Qiang and Krishnan, Anush and Pan, Yu and Baldan, Giancarlo and Beijbom, Oscar},
  booktitle={Proceedings of the IEEE/CVF Conference on Computer Vision and Pattern Recognition (CVPR)},
  year={2020}
}

@inproceedings{mohamed2020social,
  title={Social-stgcnn: A social spatio-temporal graph convolutional neural network for human trajectory prediction},
  author={Mohamed, Abduallah and Qian, Kun and Elhoseiny, Mohamed and Claudel, Christian},
  booktitle={Proceedings of the IEEE/CVF Conference on Computer Vision and Pattern Recognition (CVPR)},
  year={2020}
}

@inproceedings{casas2020spagnn,
  title={Spagnn: Spatially-aware graph neural networks for relational behavior forecasting from sensor data},
  author={Casas, Sergio and Gulino, Cole and Liao, Renjie and Urtasun, Raquel},
  booktitle={Proceedings of the IEEE International Conference on Robotics and Automation (ICRA)},
  year={2020}
}

@inproceedings{yu2020spatio,
  title={Spatio-temporal graph transformer networks for pedestrian trajectory prediction},
  author={Yu, Cunjun and Ma, Xiao and Ren, Jiawei and Zhao, Haiyu and Yi, Shuai},
  booktitle={Proceedings of the European Conference on Computer Vision (ECCV)},
  year={2020}
}

@inproceedings{zhao2020tnt,
  title={Tnt: Target-driven trajectory prediction},
  author={Zhao, Hang and Gao, Jiyang and Lan, Tian and Sun, Chen and Sapp, Benjamin and Varadarajan, Balakrishnan and Shen, Yue and Shen, Yi and Chai, Yuning and Schmid, Cordelia and others},
  booktitle={Proceedings of the Conference on Robot Learning (CoRL)},
  year={2020}
}

@inproceedings{fang2020tpnet,
  title={Tpnet: Trajectory proposal network for motion prediction},
  author={Fang, Liangji and Jiang, Qinhong and Shi, Jianping and Zhou, Bolei},
  booktitle={Proceedings of the IEEE/CVF Conference on Computer Vision and Pattern Recognition (CVPR)},
  year={2020}
}

@inproceedings{salzmann2020trajectron++,
  title={Trajectron++: Dynamically-feasible trajectory forecasting with heterogeneous data},
  author={Salzmann, Tim and Ivanovic, Boris and Chakravarty, Punarjay and Pavone, Marco},
  booktitle={Proceedings of the European Conference on Computer Vision (ECCV)},
  year={2020}
}

@inproceedings{giuliari2021transformer,
  title={Transformer networks for trajectory forecasting},
  author={Giuliari, Francesco and Hasan, Irtiza and Cristani, Marco and Galasso, Fabio},
  booktitle={25th International Conference on Pattern Recognition (ICPR)},
  year={2020}
}

@inproceedings{djuric2020uncertainty,
  title={Uncertainty-aware short-term motion prediction of traffic actors for autonomous driving},
  author={Djuric, Nemanja and Radosavljevic, Vladan and Cui, Henggang and Nguyen, Thi and Chou, Fang-Chieh and Lin, Tsung-Han and Singh, Nitin and Schneider, Jeff},
  booktitle={Proceedings of the IEEE/CVF Winter Conference on Applications of Computer Vision (WACV)},
  year={2020}
}

@inproceedings{gao2020vectornet,
  title={Vectornet: Encoding hd maps and agent dynamics from vectorized representation},
  author={Gao, Jiyang and Sun, Chen and Zhao, Hang and Shen, Yi and Anguelov, Dragomir and Li, Congcong and Schmid, Cordelia},
  booktitle={Proceedings of the IEEE/CVF Conference on Computer Vision and Pattern Recognition (CVPR)},
  year={2020}
}

@article{khandelwal2020if,
  title={What-if motion prediction for autonomous driving},
  author={Khandelwal, Siddhesh and Qi, William and Singh, Jagjeet and Hartnett, Andrew and Ramanan, Deva},
  journal={arXiv preprint arXiv:2008.10587},
  year={2020}
}

@inproceedings{dosovitskiy2021an,
  title={An Image is Worth 16x16 Words: Transformers for Image Recognition at Scale},
  author={Alexey Dosovitskiy and Lucas Beyer and Alexander Kolesnikov and Dirk Weissenborn and Xiaohua Zhai and Thomas Unterthiner and Mostafa Dehghani and Matthias Minderer and Georg Heigold and Sylvain Gelly and Jakob Uszkoreit and Neil Houlsby},
  booktitle={Proceedings of the International Conference on Learning Representations (ICLR)},
  year={2021},
}

@inproceedings{yuan2021agentformer,
  title={AgentFormer: Agent-Aware Transformers for Socio-Temporal Multi-Agent Forecasting},
  author={Yuan, Ye and Weng, Xinshuo and Ou, Yanglan and Kitani, Kris},
  booktitle={Proceedings of the IEEE/CVF International Conference on Computer Vision (ICCV)},
  year={2021}
}

@inproceedings{Argoverse2,
  author = {Wilson, Benjamin and Qi, William and Agarwal, Tanmay and Lambert, John and Singh, Jagjeet and Khandelwal, Siddhesh and Pan, Bowen and Kumar, Ratnesh and Hartnett, Andrew and Pontes, Jhony Kaesemodel and Ramanan, Deva and Carr, Peter and Hays, James},
  title = {Argoverse 2: Next Generation Datasets for Self-Driving Perception and Forecasting},
  booktitle = {Proceedings of the Neural Information Processing Systems Track on Datasets and Benchmarks (NeurIPS Datasets and Benchmarks)},
  year = {2021}
}

@inproceedings{densetnt,
  title={Densetnt: End-to-end trajectory prediction from dense goal sets},
  author={Gu, Junru and Sun, Chen and Zhao, Hang},
  booktitle={Proceedings of the IEEE/CVF International Conference on Computer Vision (ICCV)},
  year={2021}
}

@inproceedings{mangalam2021goals,
  title={From goals, waypoints \& paths to long term human trajectory forecasting},
  author={Mangalam, Karttikeya and An, Yang and Girase, Harshayu and Malik, Jitendra},
  booktitle={Proceedings of the IEEE/CVF International Conference on Computer Vision (ICCV)},
  year={2021}
}

@inproceedings{gilles2021home,
  title={HOME: Heatmap Output for future Motion Estimation},
  author={Gilles, Thomas and Sabatini, Stefano and Tsishkou, Dzmitry and Stanciulescu, Bogdan and Moutarde, Fabien},
  booktitle={Proceedings of the IEEE International Conference on Intelligent Transportation Systems (ITSC)},
  year={2021}
}

@article{jia2021ide,
  title={Ide-net: Interactive driving event and pattern extraction from human data},
  author={Jia, Xiaosong and Sun, Liting and Tomizuka, Masayoshi and Zhan, Wei},
  journal={IEEE Robotics and Automation Letters (RA-L)},
  year={2021}
}

@inproceedings{zeng2021lanercnn,
  title={LaneRCNN: Distributed Representations for Graph-Centric Motion Forecasting},
  author={Zeng, Wenyuan and Liang, Ming and Liao, Renjie and Urtasun, Raquel},
  booktitle={Proceedings of the IEEE/RSJ International Conference on Intelligent Robots and Systems (IROS)},
  year={2021}
}

@inproceedings{ettinger2021large,
  title={Large scale interactive motion forecasting for autonomous driving: The waymo open motion dataset},
  author={Ettinger, Scott and Cheng, Shuyang and Caine, Benjamin and Liu, Chenxi and Zhao, Hang and Pradhan, Sabeek and Chai, Yuning and Sapp, Ben and Qi, Charles R and Zhou, Yin and others},
  booktitle={Proceedings of the IEEE/CVF International Conference on Computer Vision (ICCV)},
  year={2021}
}

@inproceedings{song2021learning,
  title={Learning to Predict Vehicle Trajectories with Model-based Planning},
  author={Song, Haoran and Luan, Di and Ding, Wenchao and Wang, Michael Yu and Chen, Qifeng},
  booktitle={Proceedings of the Conference on Robot Learning (CoRL)},
  year={2021}
}

@inproceedings{liu2021multimodal,
  title={Multimodal Motion Prediction with Stacked Transformers},
  author={Liu, Yicheng and Zhang, Jinghuai and Fang, Liangji and Jiang, Qinhong and Zhou, Bolei},
  booktitle={Proceedings of the IEEE/CVF Conference on Computer Vision and Pattern Recognition (CVPR)},
  year={2021}
}

@article{yuan2021multimodal,
  title={Multimodal trajectory forecasting based on discrete heat map},
  author={Yuan, Jingni and Xu, Jianyun and Zhu, Yushi},
  journal={arXiv preprint arXiv:2106.11467},
  year={2021}
}

@inproceedings{deo2022multimodal,
  title={Multimodal trajectory prediction conditioned on lane-graph traversals},
  author={Deo, Nachiket and Wolff, Eric and Beijbom, Oscar},
  booktitle={Proceedings of the Conference on Robot Learning (CoRL)},
  year={2021}
}

@inproceedings{jia2022multi,
  title={Multi-Agent Trajectory Prediction by Combining Egocentric and Allocentric Views},
  author={Jia, Xiaosong and Sun, Liting and Zhao, Hang and Tomizuka, Masayoshi and Zhan, Wei},
  booktitle={Proceedings of the Conference on Robot Learning (CoRL)},
  year={2021}
}

@inproceedings{jaegle2021perceiver,
  title={Perceiver: General perception with iterative attention},
  author={Jaegle, Andrew and Gimeno, Felix and Brock, Andy and Vinyals, Oriol and Zisserman, Andrew and Carreira, Joao},
  booktitle={Proceedings of the International Conference on Machine Learning (ICML)},
  year={2021},
}

@inproceedings{kofinas2021roto,
  title={Roto-translated Local Coordinate Frames For Interacting Dynamical Systems},
  author={Kofinas, Miltiadis and Nagaraja, Naveen and Gavves, Efstratios},
  booktitle={Advances in Neural Information Processing Systems (NeurIPS)},
  year={2021}
}

@inproceedings{liu2021Swin,
  title={Swin Transformer: Hierarchical Vision Transformer using Shifted Windows},
  author={Liu, Ze and Lin, Yutong and Cao, Yue and Hu, Han and Wei, Yixuan and Zhang, Zheng and Lin, Stephen and Guo, Baining},
  booktitle={Proceedings of the IEEE/CVF International Conference on Computer Vision (ICCV)},
  year={2021}
}

@inproceedings{ye2021tpcn,
  title={TPCN: Temporal Point Cloud Networks for Motion Forecasting},
  author={Ye, Maosheng and Cao, Tongyi and Chen, Qifeng},
  booktitle={Proceedings of the IEEE/CVF Conference on Computer Vision and Pattern Recognition (CVPR)},
  year={2021}
}

@inproceedings{Walters2021ECCO,
  title={Trajectory Prediction using Equivariant Continuous Convolution},
  author={Robin Walters and Jinxi Li and Rose Yu},
  booktitle={Proceedings of the International Conference on Learning Representations (ICLR)},
  year={2021}
}

@article{ye2022dcms,
  title={DCMS: Motion Forecasting with Dual Consistency and Multi-Pseudo-Target Supervision},
  author={Ye, Maosheng and Xu, Jiamiao and Xu, Xunnong and Cao, Tongyi and Chen, Qifeng},
  journal={arXiv preprint arXiv:2204.05859},
  year={2022}
}

@article{wang2022ganet,
  title={GANet: Goal Area Network for Motion Forecasting},
  author={Wang, Mingkun and Zhu, Xinge and Yu, Changqian and Li, Wei and Ma, Yuexin and Jin, Ruochun and Ren, Xiaoguang and Ren, Dongchun and Wang, Mingxu and Yang, Wenjing},
  journal={arXiv preprint arXiv:2209.09723},
  year={2022}
}

@inproceedings{gilles2022gohome,
  title={Gohome: Graph-oriented heatmap output for future motion estimation},
  author={Gilles, Thomas and Sabatini, Stefano and Tsishkou, Dzmitry and Stanciulescu, Bogdan and Moutarde, Fabien},
  booktitle={Proceedings of the IEEE International Conference on Robotics and Automation (ICRA)},
  year={2022}
}

@article{cui2022gorela,
  title={GoRela: Go Relative for Viewpoint-Invariant Motion Forecasting},
  author={Cui, Alexander and Casas, Sergio and Wong, Kelvin and Suo, Simon and Urtasun, Raquel},
  journal={arXiv preprint arXiv:2211.02545},
  year={2022}
}

@article{jia2022hdgt,
  title={Hdgt: Heterogeneous driving graph transformer for multi-agent trajectory prediction via scene encoding},
  author={Jia, Xiaosong and Wu, Penghao and Chen, Li and Li, Hongyang and Liu, Yu and Yan, Junchi},
  journal={arXiv preprint arXiv:2205.09753},
  year={2022}
}

@inproceedings{girgis2022latent,
  title={Latent Variable Sequential Set Transformers for Joint Multi-Agent Motion Prediction},
  author={Roger Girgis and Florian Golemo and Felipe Codevilla and Martin Weiss and Jim Aldon D'Souza and Samira Ebrahimi Kahou and Felix Heide and Christopher Pal},
  booktitle={Proceedings of the International Conference on Learning Representations (ICLR)},
  year={2022},
}

@inproceedings{zhou2022hivt,
  title={HiVT: Hierarchical Vector Transformer for Multi-Agent Motion Prediction},
  author={Zhou, Zikang and Ye, Luyao and Wang, Jianping and Wu, Kui and Lu, Kejie},
  booktitle={Proceedings of the IEEE/CVF Conference on Computer Vision and Pattern Recognition (CVPR)},
  year={2022}
}

@inproceedings{shi2022mtr,
  title={Motion Transformer with Global Intention Localization and Local Movement Refinement},
  author={Shi, Shaoshuai and Jiang, Li and Dai, Dengxin and Schiele, Bernt},
  booktitle={Advances in Neural Information Processing Systems (NeurIPS)},
  year={2022}
}


@inproceedings{varadarajan2022multipath++,
  title={Multipath++: Efficient information fusion and trajectory aggregation for behavior prediction},
  author={Varadarajan, Balakrishnan and Hefny, Ahmed and Srivastava, Avikalp and Refaat, Khaled S and Nayakanti, Nigamaa and Cornman, Andre and Chen, Kan and Douillard, Bertrand and Lam, Chi Pang and Anguelov, Dragomir and others},
  booktitle={Proceedings of the International Conference on Robotics and Automation (ICRA)},
  year={2022}
}

@article{mo2021heterogeneous,
  title={Multi-Agent Trajectory Prediction With Heterogeneous Edge-Enhanced Graph Attention Network},
  author={Mo, Xiaoyu and Xing, Yang and Lv, Chen},
  journal={IEEE Transactions on Intelligent Transportation Systems (TITS)},
  year={2022}
}

@inproceedings{huang2022multi,
  title={Multi-modal motion prediction with transformer-based neural network for autonomous driving},
  author={Huang, Zhiyu and Mo, Xiaoyu and Lv, Chen},
  booktitle={Proceedings of the IEEE International Conference on Robotics and Automation (ICRA)},
  year={2022}
}

@inproceedings{da2022path,
  title={Path-Aware Graph Attention for HD Maps in Motion Prediction},
  author={Da, Fang and Zhang, Yu},
  booktitle={Proceedings of the IEEE International Conference on Robotics and Automation (ICRA)},
  year={2022}
}

@article{su2022qml,
  title={QML for Argoverse 2 Motion Forecasting Challenge},
  author={Su, Tong and Wang, Xishun and Yang, Xiaodong},
  journal={arXiv preprint arXiv:2207.06553},
  year={2022}
}

@inproceedings{ngiam2021scene,
  title={Scene Transformer: A unified architecture for predicting multiple agent trajectories},
  author={Ngiam, Jiquan and Caine, Benjamin and Vasudevan, Vijay and Zhang, Zhengdong and Chiang, Hao-Tien Lewis and Ling, Jeffrey and Roelofs, Rebecca and Bewley, Alex and Liu, Chenxi and Venugopal, Ashish and others},
  booktitle={Proceedings of the International Conference on Learning Representations (ICLR)},
  year={2022}
}

@article{zhang2022technical,
  title={Technical Report for Argoverse2 Challenge 2022--Motion Forecasting Task},
  author={Zhang, Chen and Sun, Honglin and Chen, Chen and Guo, Yandong},
  journal={arXiv preprint arXiv:2206.07934},
  year={2022}
}

@article{wang2022tenet,
  title={TENET: Transformer Encoding Network for Effective Temporal Flow on Motion Prediction},
  author={Wang, Yuting and Zhou, Hangning and Zhang, Zhigang and Feng, Chen and Lin, Huadong and Gao, Chaofei and Tang, Yizhi and Zhao, Zhenting and Zhang, Shiyu and Guo, Jie and others},
  journal={arXiv preprint arXiv:2207.00170},
  year={2022}
}

@inproceedings{gilles2021thomas,
  title={THOMAS: Trajectory Heatmap Output with learned Multi-Agent Sampling},
  author={Gilles, Thomas and Sabatini, Stefano and Tsishkou, Dzmitry and Stanciulescu, Bogdan and Moutarde, Fabien},
  booktitle={Proceedings of the International Conference on Learning Representations (ICLR)},
  year={2022}
}

@inproceedings{jiatowards,
  title={Towards Capturing the Temporal Dynamics for Trajectory Prediction: a Coarse-to-Fine Approach},
  author={Jia, Xiaosong and Chen, Li and Wu, Penghao and Zeng, Jia and Yan, Junchi and Li, Hongyang and Qiao, Yu},
  booktitle={Proceedings of the Conference on Robot Learning (CoRL)},
  year={2022}
}

@article{nayakanti2022wayformer,
  title={Wayformer: Motion Forecasting via Simple \& Efficient Attention Networks},
  author={Nayakanti, Nigamaa and Al-Rfou, Rami and Zhou, Aurick and Goel, Kratarth and Refaat, Khaled S and Sapp, Benjamin},
  journal={arXiv preprint arXiv:2207.05844},
  year={2022}
}

@inproceedings{zhou2023query,
  title={Query-Centric Trajectory Prediction},
  author={Zhou, Zikang and Wang, Jianping and Li, Yung-Hui and Huang, Yu-Kai},
  booktitle={Proceedings of the IEEE/CVF Conference on Computer Vision and Pattern Recognition (CVPR)},
  year={2023}
}

@misc{leaderboard_argo1,
  note = {Accessed: 2022-11-11},
  title = {Argoverse Motion Forecasting Competition},
  howpublished = {\url{https://eval.ai/web/challenges/challenge-page/454/overview}}
}

@misc{leaderboard_argo2,
  note = {Accessed: 2022-11-11},
  title = {Argoverse 2: Motion Forecasting Competition},
  howpublished = {\url{https://eval.ai/web/challenges/challenge-page/1719/overview}}
}
