@book{Dix04,
	author = {Dix, Alan and Finlay, Janet E. and Abowd, Gregory D. and Beale, Russell},
	title = {Human-Computer Interaction},
	edition = {3.},
	publisher = {Pearson Education Limited},
	address = {Essex, England},
	year = {2004},
	note = {ISBN 0-13-046109-1}
}


@ONLINE{Stanford09,
	author = {Surname, First Name},
	title = {This is a test entry of type {@ONLINE}},
	month = jun,
	year = {2009},
	url = {http://today.slac.stanford.edu/images/2009/colloquium-web-collide.jpg},
	note = {Last accessed 16 July 2013}
}

@misc{Iso9241-11,
	author = {{DIN EN ISO 9241-11}},
	type = {Norm},
	number = {DIN EN ISO 9241-11},
	month = {},
	year = {1998},
	title = {Ergonomic requirements for office work with visual display terminals - Part 11: Guidance on usability}
}

# alternative for online resource
@misc{Patterson2013,
	author = {Patterson, Dave},
	title = {Dave Patterson's Writing Advice},
	year = {2013},
	url = {http://www.cs.berkeley.edu/~pattrsn/talks/writingtips.html},
	note = {Last accessed 16 July 2013}
}


@misc{Hall,
	author = {Hall, Shane},
	title = {How to Cite Page Numbers in APA Format},
	year = {2013},
	url = {http://www.ehow.com/how_5689799_cite-numbers-apa-format.html},
	note = {Last accessed 16 July 2013}
}

@article{Baddeley:1974ts,
	author = {Baddeley, Alan D and Hitch, Graham},
	title = {{Working memory}},
	journal = {Psychology of learning and motivation},
	publisher = {Academic Press},
	year = {1974},
	pages = {47--89}
}

@misc{unitrajFeng2024,
      title={UniTraj: A Unified Framework for Scalable Vehicle Trajectory Prediction},
      author={Lan Feng and Mohammadhossein Bahari and Kaouther Messaoud Ben Amor and Éloi Zablocki and Matthieu Cord and Alexandre Alahi},
      year={2024},
      eprint={2403.15098},
      archivePrefix={arXiv},
      primaryClass={cs.CV},
      url={https://arxiv.org/abs/2403.15098},
}

@misc{lmformerYadav2025,
      title={LMFormer: Lane based Motion Prediction Transformer},
      author={Harsh Yadav and Maximilian Schaefer and Kun Zhao and Tobias Meisen},
      year={2025},
      eprint={2504.10275},
      archivePrefix={arXiv},
      primaryClass={cs.CV},
      url={https://arxiv.org/abs/2504.10275},
}

@inbook{caspformerYadav2024,
   title={CASPFormer: Trajectory Prediction from BEV Images with Deformable Attention},
   ISBN={9783031784477},
   ISSN={1611-3349},
   url={http://dx.doi.org/10.1007/978-3-031-78447-7_28},
   DOI={10.1007/978-3-031-78447-7_28},
   booktitle={Pattern Recognition},
   publisher={Springer Nature Switzerland},
   author={Yadav, Harsh and Schaefer, Maximilian and Zhao, Kun and Meisen, Tobias},
   year={2024},
   month=dec, pages={420-434}
}

@misc{caspnetSchäfer2022,
      title={Context-Aware Scene Prediction Network (CASPNet)},
      author={Maximilian Schäfer and Kun Zhao and Markus Bühren and Anton Kummert},
      year={2022},
      eprint={2201.06933},
      archivePrefix={arXiv},
      primaryClass={cs.CV},
      url={https://arxiv.org/abs/2201.06933},
}

@misc{caspnetppSchäfer2023,
      title={CASPNet++: Joint Multi-Agent Motion Prediction},
      author={Maximilian Schäfer and Kun Zhao and Anton Kummert},
      year={2023},
      eprint={2308.07751},
      archivePrefix={arXiv},
      primaryClass={cs.CV},
      url={https://arxiv.org/abs/2308.07751},
}

@inproceedings{qcnetZhou2023,
  title={Query-Centric Trajectory Prediction},
  author={Zhou, Zikang and Wang, Jianping and Li, Yung-Hui and Huang, Yu-Kai},
  booktitle={Proceedings of the IEEE/CVF Conference on Computer Vision and Pattern Recognition (CVPR)},
  year={2023}
}

@article{qcnextZhou2023,
  title={QCNeXt: A Next-Generation Framework For Joint Multi-Agent Trajectory Prediction},
  author={Zhou, Zikang and Wen, Zihao and Wang, Jianping and Li, Yung-Hui and Huang, Yu-Kai},
  journal={arXiv preprint arXiv:2306.10508},
  year={2023}
}