@String(PAMI = {IEEE Trans. Pattern Anal. Mach. Intell.})
@String(IJCV = {Int. J. Comput. Vis.})
@String(CVPR= {IEEE Conf. Comput. Vis. Pattern Recog.})
@String(ICCV= {Int. Conf. Comput. Vis.})
@String(ECCV= {Eur. Conf. Comput. Vis.})
@String(NIPS= {Adv. Neural Inform. Process. Syst.})
@String(ICPR = {Int. Conf. Pattern Recog.})
@String(BMVC= {Brit. Mach. Vis. Conf.})
@String(TOG= {ACM Trans. Graph.})
@String(TIP  = {IEEE Trans. Image Process.})
@String(TVCG  = {IEEE Trans. Vis. Comput. Graph.})
@String(TMM  = {IEEE Trans. Multimedia})
@String(ACMMM= {ACM Int. Conf. Multimedia})
@String(ICME = {Int. Conf. Multimedia and Expo})
@String(ICASSP=	{ICASSP})
@String(ICIP = {IEEE Int. Conf. Image Process.})
@String(ACCV  = {ACCV})
@String(ICLR = {Int. Conf. Learn. Represent.})
@String(IJCAI = {IJCAI})
@String(PR   = {Pattern Recognition})
@String(AAAI = {AAAI})
@String(CVPRW= {IEEE Conf. Comput. Vis. Pattern Recog. Worksh.})
@String(CSVT = {IEEE Trans. Circuit Syst. Video Technol.})

@String(SPL	= {IEEE Sign. Process. Letters})
@String(VR   = {Vis. Res.})
@String(JOV	 = {J. Vis.})
@String(TVC  = {The Vis. Comput.})
@String(JCST  = {J. Comput. Sci. Tech.})
@String(CGF  = {Comput. Graph. Forum})
@String(CVM = {Computational Visual Media})


@String(PAMI  = {IEEE TPAMI})
@String(IJCV  = {IJCV})
@String(CVPR  = {CVPR})
@String(ICCV  = {ICCV})
@String(ECCV  = {ECCV})
@String(NIPS  = {NeurIPS})
@String(ICPR  = {ICPR})
@String(BMVC  =	{BMVC})
@String(TOG   = {ACM TOG})
@String(TIP   = {IEEE TIP})
@String(TVCG  = {IEEE TVCG})
@String(TCSVT = {IEEE TCSVT})
@String(TMM   =	{IEEE TMM})
@String(ACMMM = {ACM MM})
@String(ICME  =	{ICME})
@String(ICASSP=	{ICASSP})
@String(ICIP  = {ICIP})
@String(ACCV  = {ACCV})
@String(ICLR  = {ICLR})
@String(IJCAI = {IJCAI})
@String(PR = {PR})
@String(AAAI = {AAAI})
@String(CVPRW= {CVPRW})
@String(CSVT = {IEEE TCSVT})

@inproceedings{bronstein2022hierarchical,
  title={Hierarchical model-based imitation learning for planning in autonomous driving},
  author={Bronstein, Eli and Palatucci, Mark and Notz, Dominik and White, Brandyn and Kuefler, Alex and Lu, Yiren and Paul, Supratik and Nikdel, Payam and Mougin, Paul and Chen, Hongge and others},
  booktitle={2022 IEEE/RSJ International Conference on Intelligent Robots and Systems (IROS)},
  pages={8652--8659},
  year={2022},
  organization={IEEE}
}

@article{chen2023end,
  title={End-to-end autonomous driving: Challenges and frontiers},
  author={Chen, Li and Wu, Penghao and Chitta, Kashyap and Jaeger, Bernhard and Geiger, Andreas and Li, Hongyang},
  journal={arXiv preprint arXiv:2306.16927},
  year={2023}
}

@inproceedings{zeng2019end,
  title={End-to-end interpretable neural motion planner},
  author={Zeng, Wenyuan and Luo, Wenjie and Suo, Simon and Sadat, Abbas and Yang, Bin and Casas, Sergio and Urtasun, Raquel},
  booktitle={Proceedings of the IEEE/CVF Conference on Computer Vision and Pattern Recognition},
  pages={8660--8669},
  year={2019}
}

@inproceedings{casas2021mp3,
  title={Mp3: A unified model to map, perceive, predict and plan},
  author={Casas, Sergio and Sadat, Abbas and Urtasun, Raquel},
  booktitle={Proceedings of the IEEE/CVF Conference on Computer Vision and Pattern Recognition},
  pages={14403--14412},
  year={2021}
}

@inproceedings{hu2022st,
  title={St-p3: End-to-end vision-based autonomous driving via spatial-temporal feature learning},
  author={Hu, Shengchao and Chen, Li and Wu, Penghao and Li, Hongyang and Yan, Junchi and Tao, Dacheng},
  booktitle={European Conference on Computer Vision},
  pages={533--549},
  year={2022},
  organization={Springer}
}

@inproceedings{hu2023planning,
  title={Planning-oriented autonomous driving},
  author={Hu, Yihan and Yang, Jiazhi and Chen, Li and Li, Keyu and Sima, Chonghao and Zhu, Xizhou and Chai, Siqi and Du, Senyao and Lin, Tianwei and Wang, Wenhai and others},
  booktitle={Proceedings of the IEEE/CVF Conference on Computer Vision and Pattern Recognition},
  pages={17853--17862},
  year={2023}
}

@inproceedings{ngiam2021scene,
  title={Scene transformer: A unified architecture for predicting future trajectories of multiple agents},
  author={Ngiam, Jiquan and Vasudevan, Vijay and Caine, Benjamin and Zhang, Zhengdong and Chiang, Hao-Tien Lewis and Ling, Jeffrey and Roelofs, Rebecca and Bewley, Alex and Liu, Chenxi and Venugopal, Ashish and others},
  booktitle={International Conference on Learning Representations},
  year={2021}
}

@inproceedings{casas2020implicit,
  title={Implicit latent variable model for scene-consistent motion forecasting},
  author={Casas, Sergio and Gulino, Cole and Suo, Simon and Luo, Katie and Liao, Renjie and Urtasun, Raquel},
  booktitle={Computer Vision--ECCV 2020: 16th European Conference, Glasgow, UK, August 23--28, 2020, Proceedings, Part XXIII 16},
  pages={624--641},
  year={2020},
  organization={Springer}
}

@inproceedings{cui2021lookout,
  title={Lookout: Diverse multi-future prediction and planning for self-driving},
  author={Cui, Alexander and Casas, Sergio and Sadat, Abbas and Liao, Renjie and Urtasun, Raquel},
  booktitle={Proceedings of the IEEE/CVF International Conference on Computer Vision},
  pages={16107--16116},
  year={2021}
}

@inproceedings{luo2023jfp,
  title={Jfp: Joint future prediction with interactive multi-agent modeling for autonomous driving},
  author={Luo, Wenjie and Park, Cheol and Cornman, Andre and Sapp, Benjamin and Anguelov, Dragomir},
  booktitle={Conference on Robot Learning},
  pages={1457--1467},
  year={2023},
  organization={PMLR}
}

@inproceedings{zhou2022hivt,
  title={Hivt: Hierarchical vector transformer for multi-agent motion prediction},
  author={Zhou, Zikang and Ye, Luyao and Wang, Jianping and Wu, Kui and Lu, Kejie},
  booktitle={Proceedings of the IEEE/CVF Conference on Computer Vision and Pattern Recognition},
  pages={8823--8833},
  year={2022}
}

@inproceedings{li2022bevformer,
  title={Bevformer: Learning bird’s-eye-view representation from multi-camera images via spatiotemporal transformers},
  author={Li, Zhiqi and Wang, Wenhai and Li, Hongyang and Xie, Enze and Sima, Chonghao and Lu, Tong and Qiao, Yu and Dai, Jifeng},
  booktitle={European conference on computer vision},
  pages={1--18},
  year={2022},
  organization={Springer}
}

@inproceedings{varadarajan2022multipath++,
  title={Multipath++: Efficient information fusion and trajectory aggregation for behavior prediction},
  author={Varadarajan, Balakrishnan and Hefny, Ahmed and Srivastava, Avikalp and Refaat, Khaled S and Nayakanti, Nigamaa and Cornman, Andre and Chen, Kan and Douillard, Bertrand and Lam, Chi Pang and Anguelov, Dragomir and others},
  booktitle={2022 International Conference on Robotics and Automation (ICRA)},
  pages={7814--7821},
  year={2022},
  organization={IEEE}
}

@inproceedings{schafer2022context,
  title={Context-aware scene prediction network (caspnet)},
  author={Sch{\"a}fer, Maximilian and Zhao, Kun and B{\"u}hren, Markus and Kummert, Anton},
  booktitle={2022 IEEE 25th International Conference on Intelligent Transportation Systems (ITSC)},
  pages={3970--3977},
  year={2022},
  organization={IEEE}
}

@inproceedings{cui2019multimodal,
  title={Multimodal trajectory predictions for autonomous driving using deep convolutional networks},
  author={Cui, Henggang and Radosavljevic, Vladan and Chou, Fang-Chieh and Lin, Tsung-Han and Nguyen, Thi and Huang, Tzu-Kuo and Schneider, Jeff and Djuric, Nemanja},
  booktitle={2019 International Conference on Robotics and Automation (ICRA)},
  pages={2090--2096},
  year={2019},
  organization={IEEE}
}

@article{chai2019multipath,
  author       = {Yuning Chai and
                  Benjamin Sapp and
                  Mayank Bansal and
                  Dragomir Anguelov},
  title        = {MultiPath: Multiple Probabilistic Anchor Trajectory Hypotheses for
                  Behavior Prediction},
  journal      = {CoRR},
  volume       = {abs/1910.05449},
  year         = {2019},
  url          = {http://arxiv.org/abs/1910.05449},
  eprinttype    = {arXiv},
  eprint       = {1910.05449},
  timestamp    = {Wed, 16 Oct 2019 16:25:53 +0200},
  biburl       = {https://dblp.org/rec/journals/corr/abs-1910-05449.bib},
  bibsource    = {dblp computer science bibliography, https://dblp.org}
}

@inproceedings{gao2020vectornet,
  title={Vectornet: Encoding hd maps and agent dynamics from vectorized representation},
  author={Gao, Jiyang and Sun, Chen and Zhao, Hang and Shen, Yi and Anguelov, Dragomir and Li, Congcong and Schmid, Cordelia},
  booktitle={Proceedings of the IEEE/CVF Conference on Computer Vision and Pattern Recognition},
  pages={11525--11533},
  year={2020}
}

@inproceedings{sun2022m2i,
  title={M2i: From factored marginal trajectory prediction to interactive prediction},
  author={Sun, Qiao and Huang, Xin and Gu, Junru and Williams, Brian C and Zhao, Hang},
  booktitle={Proceedings of the IEEE/CVF Conference on Computer Vision and Pattern Recognition},
  pages={6543--6552},
  year={2022}
}

@inproceedings{tolstaya2021identifying,
  title={Identifying driver interactions via conditional behavior prediction},
  author={Tolstaya, Ekaterina and Mahjourian, Reza and Downey, Carlton and Vadarajan, Balakrishnan and Sapp, Benjamin and Anguelov, Dragomir},
  booktitle={2021 IEEE International Conference on Robotics and Automation (ICRA)},
  pages={3473--3479},
  year={2021},
  organization={IEEE}
}

@inproceedings{
park2023leveraging,
title={Leveraging Future Relationship Reasoning for Vehicle Trajectory Prediction},
author={Daehee Park and Hobin Ryu and Yunseo Yang and Jegyeong Cho and Jiwon Kim and Kuk-Jin Yoon},
booktitle={The Eleventh International Conference on Learning Representations },
year={2023},
url={https://openreview.net/forum?id=CGBCTp2M6lA}
}

@inproceedings{zhou2023query,
  title={Query-Centric Trajectory Prediction},
  author={Zhou, Zikang and Wang, Jianping and Li, Yung-Hui and Huang, Yu-Kai},
  booktitle={Proceedings of the IEEE/CVF Conference on Computer Vision and Pattern Recognition},
  pages={17863--17873},
  year={2023}
}

@article{yao2023goal,
  title={Goal-LBP: Goal-Based Local Behavior Guided Trajectory Prediction for Autonomous Driving},
  author={Yao, Zhen and Li, Xin and Lang, Bo and Chuah, Mooi Choo},
  journal={IEEE Transactions on Intelligent Transportation Systems},
  year={2023},
  publisher={IEEE}
}

@article{vaswani2017attention,
  title={Attention is all you need},
  author={Vaswani, Ashish and Shazeer, Noam and Parmar, Niki and Uszkoreit, Jakob and Jones, Llion and Gomez, Aidan N and Kaiser, {\L}ukasz and Polosukhin, Illia},
  journal={Advances in neural information processing systems},
  volume={30},
  year={2017}
}

@article{girgis2021latent,
  author       = {Roger Girgis and
                  Florian Golemo and
                  Felipe Codevilla and
                  Jim Aldon D'Souza and
                  Samira Ebrahimi Kahou and
                  Felix Heide and
                  Christopher J. Pal},
  title        = {Latent Variable Nested Set Transformers {\&} AutoBots},
  journal      = {CoRR},
  volume       = {abs/2104.00563},
  year         = {2021},
  url          = {https://arxiv.org/abs/2104.00563},
  eprinttype    = {arXiv},
  eprint       = {2104.00563},
  timestamp    = {Fri, 05 Nov 2021 15:04:59 +0100},
  biburl       = {https://dblp.org/rec/journals/corr/abs-2104-00563.bib},
  bibsource    = {dblp computer science bibliography, https://dblp.org}
}

@inproceedings{liang2020learning,
  title={Learning lane graph representations for motion forecasting},
  author={Liang, Ming and Yang, Bin and Hu, Rui and Chen, Yun and Liao, Renjie and Feng, Song and Urtasun, Raquel},
  booktitle={Computer Vision--ECCV 2020: 16th European Conference, Glasgow, UK, August 23--28, 2020, Proceedings, Part II 16},
  pages={541--556},
  year={2020},
  organization={Springer}
}

@inproceedings{gilles2021home,
  title={Home: Heatmap output for future motion estimation},
  author={Gilles, Thomas and Sabatini, Stefano and Tsishkou, Dzmitry and Stanciulescu, Bogdan and Moutarde, Fabien},
  booktitle={2021 IEEE International Intelligent Transportation Systems Conference (ITSC)},
  pages={500--507},
  year={2021},
  organization={IEEE}
}

@inproceedings{
velivckovic2018graph,
title={Graph Attention Networks},
author={Petar Veličković and Guillem Cucurull and Arantxa Casanova and Adriana Romero and Pietro Liò and Yoshua Bengio},
booktitle={International Conference on Learning Representations},
year={2018},
url={https://openreview.net/forum?id=rJXMpikCZ},
}

@misc{argoLeaderBoardCvpr2021,
    title = {Argoverse Motion Forecasting Competition},
    author = {ArgoAI},
    url = {https://eval.ai/web/challenges/challenge-page/454/leaderboard/1279},
    note = {accessed: 23rd Nov 2023},  
}

@inproceedings{carion2020end,
  title={End-to-end object detection with transformers},
  author={Carion, Nicolas and Massa, Francisco and Synnaeve, Gabriel and Usunier, Nicolas and Kirillov, Alexander and Zagoruyko, Sergey},
  booktitle={European conference on computer vision},
  pages={213--229},
  year={2020},
  organization={Springer}
}

@inproceedings{zhu2021deformable,
title={Deformable {\{}DETR{\}}: Deformable Transformers for End-to-End Object Detection},
author={Xizhou Zhu and Weijie Su and Lewei Lu and Bin Li and Xiaogang Wang and Jifeng Dai},
booktitle={International Conference on Learning Representations},
year={2021},
url={https://openreview.net/forum?id=gZ9hCDWe6ke}
}

@inproceedings{dai2017deformable,
  title={Deformable convolutional networks},
  author={Dai, Jifeng and Qi, Haozhi and Xiong, Yuwen and Li, Yi and Zhang, Guodong and Hu, Han and Wei, Yichen},
  booktitle={Proceedings of the IEEE international conference on computer vision},
  pages={764--773},
  year={2017}
}

@inproceedings{
dosovitskiy2021an,
title={An Image is Worth 16x16 Words: Transformers for Image Recognition at Scale},
author={Alexey Dosovitskiy and Lucas Beyer and Alexander Kolesnikov and Dirk Weissenborn and Xiaohua Zhai and Thomas Unterthiner and Mostafa Dehghani and Matthias Minderer and Georg Heigold and Sylvain Gelly and Jakob Uszkoreit and Neil Houlsby},
booktitle={International Conference on Learning Representations},
year={2021},
url={https://openreview.net/forum?id=YicbFdNTTy}
}

@inproceedings{liu2021swin,
  title={Swin transformer: Hierarchical vision transformer using shifted windows},
  author={Liu, Ze and Lin, Yutong and Cao, Yue and Hu, Han and Wei, Yixuan and Zhang, Zheng and Lin, Stephen and Guo, Baining},
  booktitle={Proceedings of the IEEE/CVF international conference on computer vision},
  pages={10012--10022},
  year={2021}
}

@inproceedings{xia2022vision,
  title={Vision transformer with deformable attention},
  author={Xia, Zhuofan and Pan, Xuran and Song, Shiji and Li, Li Erran and Huang, Gao},
  booktitle={Proceedings of the IEEE/CVF conference on computer vision and pattern recognition},
  pages={4794--4803},
  year={2022}
}

@inproceedings{dai2021dynamic,
  title={Dynamic detr: End-to-end object detection with dynamic attention},
  author={Dai, Xiyang and Chen, Yinpeng and Yang, Jianwei and Zhang, Pengchuan and Yuan, Lu and Zhang, Lei},
  booktitle={Proceedings of the IEEE/CVF International Conference on Computer Vision},
  pages={2988--2997},
  year={2021}
}

@inproceedings{meng2021conditional,
  title={Conditional detr for fast training convergence},
  author={Meng, Depu and Chen, Xiaokang and Fan, Zejia and Zeng, Gang and Li, Houqiang and Yuan, Yuhui and Sun, Lei and Wang, Jingdong},
  booktitle={Proceedings of the IEEE/CVF International Conference on Computer Vision},
  pages={3651--3660},
  year={2021}
}

@inproceedings{liu2022dabdetr,
title={{DAB}-{DETR}: Dynamic Anchor Boxes are Better Queries for {DETR}},
author={Shilong Liu and Feng Li and Hao Zhang and Xiao Yang and Xianbiao Qi and Hang Su and Jun Zhu and Lei Zhang},
booktitle={International Conference on Learning Representations},
year={2022},
url={https://openreview.net/forum?id=oMI9PjOb9Jl}
}

@inproceedings{li2022dn,
  title={Dn-detr: Accelerate detr training by introducing query denoising},
  author={Li, Feng and Zhang, Hao and Liu, Shilong and Guo, Jian and Ni, Lionel M and Zhang, Lei},
  booktitle={Proceedings of the IEEE/CVF Conference on Computer Vision and Pattern Recognition},
  pages={13619--13627},
  year={2022}
}

@inproceedings{zhang2023dino,
title={{DINO}: {DETR} with Improved DeNoising Anchor Boxes for End-to-End Object Detection},
author={Hao Zhang and Feng Li and Shilong Liu and Lei Zhang and Hang Su and Jun Zhu and Lionel Ni and Heung-Yeung Shum},
booktitle={The Eleventh International Conference on Learning Representations },
year={2023},
url={https://openreview.net/forum?id=3mRwyG5one}
}

@article{roh2021sparse,
  author       = {Byungseok Roh and
                  Jaewoong Shin and
                  Wuhyun Shin and
                  Saehoon Kim},
  title        = {Sparse {DETR:} Efficient End-to-End Object Detection with Learnable
                  Sparsity},
  journal      = {CoRR},
  volume       = {abs/2111.14330},
  year         = {2021},
  url          = {https://arxiv.org/abs/2111.14330},
  eprinttype    = {arXiv},
  eprint       = {2111.14330},
  timestamp    = {Wed, 01 Dec 2021 15:16:43 +0100},
  biburl       = {https://dblp.org/rec/journals/corr/abs-2111-14330.bib},
  bibsource    = {dblp computer science bibliography, https://dblp.org}
}

@inproceedings{li2023lite,
  title={Lite DETR: An interleaved multi-scale encoder for efficient detr},
  author={Li, Feng and Zeng, Ailing and Liu, Shilong and Zhang, Hao and Li, Hongyang and Zhang, Lei and Ni, Lionel M},
  booktitle={Proceedings of the IEEE/CVF Conference on Computer Vision and Pattern Recognition},
  pages={18558--18567},
  year={2023}
}

@misc{nuscene2020prediction,
  author = {nuScenes Prediction Challenge by Motional},
  title = {eval.ai/web/challenges/challenge-page/591/},
  note = {accessed: 20th Feb 2025}
}

@inproceedings{caesar2020nuscenes,
  title={nuscenes: A multimodal dataset for autonomous driving},
  author={Caesar, Holger and Bankiti, Varun and Lang, Alex H and Vora, Sourabh and Liong, Venice Erin and Xu, Qiang and Krishnan, Anush and Pan, Yu and Baldan, Giancarlo and Beijbom, Oscar},
  booktitle={Proceedings of the IEEE/CVF conference on computer vision and pattern recognition},
  pages={11621--11631},
  year={2020}
}

@inproceedings{
loshchilov2018decoupled,
title={Decoupled Weight Decay Regularization},
author={Ilya Loshchilov and Frank Hutter},
booktitle={International Conference on Learning Representations},
year={2019},
url={https://openreview.net/forum?id=Bkg6RiCqY7},
}

@article{izmailov2018averaging,
  author       = {Pavel Izmailov and
                  Dmitrii Podoprikhin and
                  Timur Garipov and
                  Dmitry P. Vetrov and
                  Andrew Gordon Wilson},
  title        = {Averaging Weights Leads to Wider Optima and Better Generalization},
  journal      = {CoRR},
  volume       = {abs/1803.05407},
  year         = {2018},
  url          = {http://arxiv.org/abs/1803.05407},
  eprinttype    = {arXiv},
  eprint       = {1803.05407},
  timestamp    = {Mon, 13 Aug 2018 16:47:50 +0200},
  biburl       = {https://dblp.org/rec/journals/corr/abs-1803-05407.bib},
  bibsource    = {dblp computer science bibliography, https://dblp.org}
}

@article{schafer2023caspnet++,
  title={CASPNet++: Joint Multi-Agent Motion Prediction},
  author={Sch{\"a}fer, Maximilian and Zhao, Kun and Kummert, Anton},
  journal={arXiv preprint arXiv:2308.07751},
  year={2023}
}

@article{chen2023q,
  title={Q-EANet: Implicit social modeling for trajectory prediction via experience-anchored queries},
  author={Chen, Jiuyu and Wang, Zhongli and Wang, Jian and Cai, Baigen},
  journal={IET Intelligent Transport Systems},
  year={2023},
  publisher={Wiley Online Library}
}

@article{feng2023macformer,
  title={MacFormer: Map-Agent Coupled Transformer for Real-Time and Robust Trajectory Prediction},
  author={Feng, Chen and Zhou, Hangning and Lin, Huadong and Zhang, Zhigang and Xu, Ziyao and Zhang, Chi and Zhou, Boyu and Shen, Shaojie},
  journal={IEEE Robotics and Automation Letters},
  year={2023},
  publisher={IEEE}
}

@inproceedings{deo2021multimodal,
  title={Multimodal Trajectory Prediction Conditioned on Lane-Graph Traversals},
  author={Deo, Nachiket and Wolff, Eric and Beijbom, Oscar},
  booktitle={5th Annual Conference on Robot Learning},
  year={2021}
}

@inproceedings{
gilles2022thomas,
title={{THOMAS}: Trajectory Heatmap Output with learned Multi-Agent Sampling},
author={Thomas Gilles and Stefano Sabatini and Dzmitry Tsishkou and Bogdan Stanciulescu and Fabien Moutarde},
booktitle={International Conference on Learning Representations},
year={2022},
url={https://openreview.net/forum?id=QDdJhACYrlX}
}

@inproceedings{gilles2022gohome,
  title={Gohome: Graph-oriented heatmap output for future motion estimation},
  author={Gilles, Thomas and Sabatini, Stefano and Tsishkou, Dzmitry and Stanciulescu, Bogdan and Moutarde, Fabien},
  booktitle={2022 international conference on robotics and automation (ICRA)},
  pages={9107--9114},
  year={2022},
  organization={IEEE}
}

@article{sun2024semanticformer,
  title={SemanticFormer: Holistic and Semantic Traffic Scene Representation for Trajectory Prediction using Knowledge Graphs},
  author={Sun, Zhigang and Wang, Zixu and Halilaj, Lavdim and Luettin, Juergen},
  journal={arXiv preprint arXiv:2404.19379},
  year={2024}
}

@inproceedings{lan2023sept,
  title={Sept: Towards efficient scene representation learning for motion prediction},
  author={Lan, Zhiqian and Jiang, Yuxuan and Mu, Yao and Chen, Chen and Li, Shengbo Eben},
  booktitle={The Twelfth International Conference on Learning Representations},
  year={2023}
}

@article{feng2024unitraj,
  title={UniTraj: A Unified Framework for Scalable Vehicle Trajectory Prediction},
  author={Feng, Lan and Bahari, Mohammadhossein and Amor, Kaouther Messaoud Ben and Zablocki, {\'E}loi and Cord, Matthieu and Alahi, Alexandre},
  journal={arXiv preprint arXiv:2403.15098},
  year={2024}
}

@inproceedings{chang2019argoverse,
  title={Argoverse: 3d tracking and forecasting with rich maps},
  author={Chang, Ming-Fang and Lambert, John and Sangkloy, Patsorn and Singh, Jagjeet and Bak, Slawomir and Hartnett, Andrew and Wang, De and Carr, Peter and Lucey, Simon and Ramanan, Deva and others},
  booktitle={Proceedings of the IEEE/CVF conference on computer vision and pattern recognition},
  pages={8748--8757},
  year={2019}
}

@article{wilson2023argoverse,
  title={Argoverse 2: Next generation datasets for self-driving perception and forecasting},
  author={Wilson, Benjamin and Qi, William and Agarwal, Tanmay and Lambert, John and Singh, Jagjeet and Khandelwal, Siddhesh and Pan, Bowen and Kumar, Ratnesh and Hartnett, Andrew and Pontes, Jhony Kaesemodel and others},
  journal={arXiv preprint arXiv:2301.00493},
  year={2023}
}

@inproceedings{mei2022waymo,
  title={Waymo open dataset: Panoramic video panoptic segmentation},
  author={Mei, Jieru and Zhu, Alex Zihao and Yan, Xinchen and Yan, Hang and Qiao, Siyuan and Chen, Liang-Chieh and Kretzschmar, Henrik},
  booktitle={European Conference on Computer Vision},
  pages={53--72},
  year={2022},
  organization={Springer}
}

@inproceedings{seff2023motionlm,
  title={Motionlm: Multi-agent motion forecasting as language modeling},
  author={Seff, Ari and Cera, Brian and Chen, Dian and Ng, Mason and Zhou, Aurick and Nayakanti, Nigamaa and Refaat, Khaled S and Al-Rfou, Rami and Sapp, Benjamin},
  booktitle={Proceedings of the IEEE/CVF International Conference on Computer Vision},
  pages={8579--8590},
  year={2023}
}

@inproceedings{cheng2023forecast,
  title={Forecast-mae: Self-supervised pre-training for motion forecasting with masked autoencoders},
  author={Cheng, Jie and Mei, Xiaodong and Liu, Ming},
  booktitle={Proceedings of the IEEE/CVF International Conference on Computer Vision},
  pages={8679--8689},
  year={2023}
}

@article{yuan2019diverse,
  title={Diverse trajectory forecasting with determinantal point processes},
  author={Yuan, Ye and Kitani, Kris},
  journal={arXiv preprint arXiv:1907.04967},
  year={2019}
}
@inproceedings{liu2021multimodal,
  title={Multimodal motion prediction with stacked transformers},
  author={Liu, Yicheng and Zhang, Jinghuai and Fang, Liangji and Jiang, Qinhong and Zhou, Bolei},
  booktitle={Proceedings of the IEEE/CVF conference on computer vision and pattern recognition},
  pages={7577--7586},
  year={2021}
}

@inproceedings{dauner2023parting,
  title={Parting with misconceptions about learning-based vehicle motion planning},
  author={Dauner, Daniel and Hallgarten, Marcel and Geiger, Andreas and Chitta, Kashyap},
  booktitle={Conference on Robot Learning},
  pages={1268--1281},
  year={2023},
  organization={PMLR}
}

@inproceedings{liu2024laformer,
  title={Laformer: Trajectory prediction for autonomous driving with lane-aware scene constraints},
  author={Liu, Mengmeng and Cheng, Hao and Chen, Lin and Broszio, Hellward and Li, Jiangtao and Zhao, Runjiang and Sester, Monika and Yang, Michael Ying},
  booktitle={Proceedings of the IEEE/CVF Conference on Computer Vision and Pattern Recognition},
  pages={2039--2049},
  year={2024}
}

@inproceedings{wang2022ltp,
  title={Ltp: Lane-based trajectory prediction for autonomous driving},
  author={Wang, Jingke and Ye, Tengju and Gu, Ziqing and Chen, Junbo},
  booktitle={Proceedings of the IEEE/CVF Conference on Computer Vision and Pattern Recognition},
  pages={17134--17142},
  year={2022}
}

@inproceedings{zhou2024smartrefine,
  title={SmartRefine: A Scenario-Adaptive Refinement Framework for Efficient Motion Prediction},
  author={Zhou, Yang and Shao, Hao and Wang, Letian and Waslander, Steven L and Li, Hongsheng and Liu, Yu},
  booktitle={Proceedings of the IEEE/CVF Conference on Computer Vision and Pattern Recognition},
  pages={15281--15290},
  year={2024}
}

@article{wang2024futurenet,
  title={FutureNet-LOF: Joint Trajectory Prediction and Lane Occupancy Field Prediction with Future Context Encoding},
  author={Wang, Mingkun and Ren, Xiaoguang and Jin, Ruochun and Li, Minglong and Zhang, Xiaochuan and Yu, Changqian and Wang, Mingxu and Yang, Wenjing},
  journal={arXiv preprint arXiv:2406.14422},
  year={2024}
}

@inproceedings{kim2021lapred,
  title={Lapred: Lane-aware prediction of multi-modal future trajectories of dynamic agents},
  author={Kim, ByeoungDo and Park, Seong Hyeon and Lee, Seokhwan and Khoshimjonov, Elbek and Kum, Dongsuk and Kim, Junsoo and Kim, Jeong Soo and Choi, Jun Won},
  booktitle={Proceedings of the IEEE/CVF Conference on Computer Vision and Pattern Recognition},
  pages={14636--14645},
  year={2021}
}

@article{huang2020diversitygan,
  title={DiversityGAN: Diversity-aware vehicle motion prediction via latent semantic sampling},
  author={Huang, Xin and McGill, Stephen G and DeCastro, Jonathan A and Fletcher, Luke and Leonard, John J and Williams, Brian C and Rosman, Guy},
  journal={IEEE Robotics and Automation Letters},
  volume={5},
  number={4},
  pages={5089--5096},
  year={2020},
  publisher={IEEE}
}

@inproceedings{yadav2025caspformer,
  title={CASPFormer: Trajectory Prediction from BEV Images with Deformable Attention},
  author={Yadav, Harsh and Schaefer, Maximilian and Zhao, Kun and Meisen, Tobias},
  booktitle={International Conference on Pattern Recognition},
  pages={420--434},
  year={2025},
  organization={Springer}
}

@inproceedings{lu2023deepscenario,
  title={DeepScenario: An open driving scenario dataset for autonomous driving system testing},
  author={Lu, Chengjie and Yue, Tao and Ali, Shaukat},
  booktitle={2023 IEEE/ACM 20th International Conference on Mining Software Repositories (MSR)},
  pages={52--56},
  year={2023},
  organization={IEEE}
}

@article{tancik2020fourier,
  title={Fourier features let networks learn high frequency functions in low dimensional domains},
  author={Tancik, Matthew and Srinivasan, Pratul and Mildenhall, Ben and Fridovich-Keil, Sara and Raghavan, Nithin and Singhal, Utkarsh and Ramamoorthi, Ravi and Barron, Jonathan and Ng, Ren},
  journal={Advances in neural information processing systems},
  volume={33},
  pages={7537--7547},
  year={2020}
}

@article{10.1214/aoms/1177703732,
author = {Peter J. Huber},
title = {{Robust Estimation of a Location Parameter}},
volume = {35},
journal = {The Annals of Mathematical Statistics},
number = {1},
publisher = {Institute of Mathematical Statistics},
pages = {73 -- 101},
year = {1964},
doi = {10.1214/aoms/1177703732},
URL = {https://doi.org/10.1214/aoms/1177703732}
}

@inproceedings{nix1994estimating,
  title={Estimating the mean and variance of the target probability distribution},
  author={Nix, David A and Weigend, Andreas S},
  booktitle={Proceedings of 1994 ieee international conference on neural networks (ICNN'94)},
  volume={1},
  pages={55--60},
  year={1994},
  organization={IEEE}
}

@inproceedings{makansi2019overcoming,
  title={Overcoming limitations of mixture density networks: A sampling and fitting framework for multimodal future prediction},
  author={Makansi, Osama and Ilg, Eddy and Cicek, Ozgun and Brox, Thomas},
  booktitle={Proceedings of the IEEE/CVF Conference on Computer Vision and Pattern Recognition},
  pages={7144--7153},
  year={2019}
}

@inproceedings{rupprecht2017learning,
  title={Learning in an uncertain world: Representing ambiguity through multiple hypotheses},
  author={Rupprecht, Christian and Laina, Iro and DiPietro, Robert and Baust, Maximilian and Tombari, Federico and Navab, Nassir and Hager, Gregory D},
  booktitle={Proceedings of the IEEE international conference on computer vision},
  pages={3591--3600},
  year={2017}
}
